<?xml version="1.0" encoding="UTF-8"?><collection xmlns="http://www.loc.gov/MARC21/slim"><record><leader>00477nam--2200145-i-4500</leader><controlfield tag="001">000026860</controlfield><controlfield tag="002">20161230</controlfield><controlfield tag="005">20161230201036</controlfield><controlfield tag="008">060222s1000------------r-----000-0-eng-d</controlfield><datafield ind1=" " ind2=" " tag="080"><subfield code="a">517.95</subfield></datafield><datafield ind1=" " ind2=" " tag="100"><subfield code="a">Kneschke, A</subfield></datafield><datafield ind1=" " ind2=" " tag="245"><subfield code="a">Differentialgleichungen und randwerprobleme. lehrbuch fur naturwissenschaftler und ingenieure. band. 1: gewohnliche differentialgleichungen</subfield></datafield><datafield ind1=" " ind2=" " tag="260"><subfield code="a">Berlin, Veb Verlag Technik, 1960, 540p</subfield></datafield><datafield ind1=" " ind2=" " tag="852"><subfield code="a">7361</subfield><subfield code="c">517.9</subfield></datafield><datafield ind1=" " ind2=" " tag="CAT"><subfield code="a">Sys</subfield><subfield code="c">20080923</subfield><subfield code="h">093614</subfield></datafield></record></collection>